@misc{SaltShermanND,
   author = {Alexie Sherman},
   journal = {ESL-Bits},
   title = {Salt},
   howpublished = {https://esl-bits.net/ESL.English.Listening.Short.Stories/Salt/01/default.html},
   note = {Accecced 2022-05-11},
   year = {n.d.},
}



