
@online{anonymous2015,
  title = {College Success},
  author = {Anonymous},
  year = {2015},
  publisher = {{University of Minnesota Publishing}},
  url = {https://open.lib.umn.edu/collegesuccess/chapter/3-4-problem-solving-and-decision-making/},
}

@online{projectmanagementskills,
  title = {{{PrOACT Decision Making Model}}: {{A Guide On How}} to {{Make}} a {{Decision}}},
  shorttitle = {{{PrOACT Decision Making Model}}},
  author = {PROJECT MANAGEMENT SKILLS},
  journal = {Project Management Skills},
  abstract = {The PrOACT decision making model provides decision analysis tools and techniques that you can use to make good decisions for your project.},
  howpublished = {https://www.project-management-skills.com/decision-making-model.html},
  keywords = {PrOACT},
  url = {https://open.lib.umn.edu/collegesuccess/chapter/3-4-problem-solving-and-decision-making/},
}

@video{ted-ed2016,
  title = {5 Tips to Improve Your Critical Thinking},
  organization = {YouTube},
  author = {Samantha Agoos},
  date = {2016-03-15},
  abstract = {View full lesson: http://ed.ted.com/lessons/5-tips-to-i... Every day, a sea of decisions stretches before us, and it's impossible to make a perfect choice every time. But there are many ways to improve our chances \textemdash{} and one particularly effective technique is critical thinking. Samantha Agoos describes a 5-step process that may help you with any number of problems.  Lesson by Samantha Agoos, animation by Nick Hilditch.},
  url = {https://www.youtube.com/watch?v=dItUGF8GdTw},
  publisher = {[Video]. YouTube},
  type = {Video}
}


