@book{cite-key,
	address = {Bradford, UNITED KINGDOM},
	author = {Schmetzke, Axel},
	date = {2002//},
	date-added = {2022-05-18 21:56:05 +0900},
	date-modified = {2022-05-18 21:56:05 +0900},
	id = {232228},
	isbn = {9781845446963},
	keywords = {Information technology -- Management.; People with disabilities.},
	publisher = {Emerald Publishing Limited},
	title = {Accessibility Of Web-based Information Resources For People With Disabilities - Pt2},
	url = {http://ebookcentral.proquest.com/lib/univ-people-ebooks/detail.action?docID=232228},
	year = {2002},
	bdsk-url-1 = {http://ebookcentral.proquest.com/lib/univ-people-ebooks/detail.action?docID=232228}}

