@article{Root1934A,
 ISSN = {00221546, 15384640},
 URL = {http://www.jstor.org/stable/1975655},
 author = {Alfred R. Root},
 journal = {The Journal of Higher Education},
 number = {3},
 pages = {133--135},
 publisher = {Ohio State University Press},
 title = {Student-Teacher Rapport},
 urldate = {2022-07-12},
 volume = {5},
 year = {1934}
}

@article{Root1934,
 ISSN = {00221546, 15384640},
 URL = {http://www.jstor.org/stable/1975655},
 author = {Alfred R. Root},
 journal = {The Journal of Higher Education},
 number = {3},
 pages = {133--135},
 publisher = {Ohio State University Press},
 title = {Student-Teacher Rapport},
 urldate = {2022-07-12},
 volume = {5},
 year = {1934}
}
