@article{Root1934,
   author = {Alfred R Root},
   issn = {00221546, 15384640},
   issue = {3},
   journal = {The Journal of Higher Education},
   pages = {133-135},
   publisher = {Ohio State University Press},
   title = {Student-Teacher Rapport},
   volume = {5},
   doi = {10.2307/1975655},
   note = {https://doi.org/10.2307/1975655},
   year = {1934},
}
