@online{TTT,
	title = {{PrOACT} Tradeoff Making Model: A Guide On How to Make a Decision},
	url = {https://www.project-management-skills.com/decision-making-model.html},
	shorttitle = {{PrOACT} Decision Making Model},
	abstract = {The {PrOACT} decision making model provides decision analysis tools and techniques that you can use to make good decisions for your project.},
	titleaddon = {Project Management Skills},
	author = {{PROJECT MANAGEMENT SKILLS}},
	urldate = {2022-07-13},
	keywords = {{PrOACT}},
	file = {Snapshot:/Users/mac/Zotero/storage/SHRTRTFS/decision-making-model.html:text/html},
}
@online{PrOACT,
	title = {{PrOACT} Decision Making Model: A Guide On How to Make a Decision},
	url = {https://www.project-management-skills.com/decision-making-model.html},
	shorttitle = {{PrOACT} Decision Making Model},
	abstract = {The {PrOACT} decision making model provides decision analysis tools and techniques that you can use to make good decisions for your project.},
	titleaddon = {Project Management Skills},
	author = {{PROJECT MANAGEMENT SKILLS}},
	urldate = {2022-07-13},
	keywords = {{PrOACT}},
	file = {Snapshot:/Users/mac/Zotero/storage/SHRTRTFS/decision-making-model.html:text/html},
}
