@web_page{DayDreamingGaiman,
   author = {Neil Gaiman},
   month = {10},
   title = {Why our future depends on libraries, reading and daydreaming},
   year = {2013},
}
@article{EngenderingCox,
   author = {Mitch Cox},
   doi = {10.2307/819232},
   issn = {00138274},
   issue = {3},
   journal = {The English Journal},
   pages = {35-38},
   publisher = {National Council of Teachers of English},
   title = {Engendering Critical Literacy through Science Fiction and Fantasy},
   volume = {79},
   url = {http://www.jstor.org/stable/819232},
   year = {1990},
}
@article{IncorporatingCzerneda,
   author = {Julie E Czerneda},
   issn = {00368555, 19434871},
   issue = {2},
   journal = {The Science Teacher},
   pages = {38-42},
   publisher = {National Science Teachers Association},
   title = {Science Fiction \& Scientific Literacy: Incorporating science fiction reading in the science classroom},
   volume = {73},
   url = {http://www.jstor.org/stable/24139206},
   year = {2006},
}
